
@inproceedings{mnih2014recurrent,
  title={Recurrent models of visual attention},
  author={Mnih, Volodymyr and Heess, Nicolas and Graves, Alex and others},
  booktitle={Advances in neural information processing systems},
  pages={2204--2212},
  year={2014}
}

@article{omidshafiei2017deep,
  title={Deep Decentralized Multi-task Multi-Agent RL under Partial Observability},
  author={Omidshafiei, Shayegan and Pazis, Jason and Amato, Christopher and How, Jonathan P and Vian, John},
  journal={arXiv preprint arXiv:1703.06182},
  year={2017}
}

@inproceedings{foerster2016learning,
  title={Learning to communicate with deep multi-agent reinforcement learning},
  author={Foerster, Jakob and Assael, Yannis and de Freitas, Nando and Whiteson, Shimon},
  booktitle={Advances in Neural Information Processing Systems},
  pages={2137--2145},
  year={2016}
}

@article{tampuu2017multiagent,
  title={Multiagent cooperation and competition with deep reinforcement learning},
  author={Tampuu, Ardi and Matiisen, Tambet and Kodelja, Dorian and Kuzovkin, Ilya and Korjus, Kristjan and Aru, Juhan and Aru, Jaan and Vicente, Raul},
  journal={PloS one},
  volume={12},
  number={4},
  pages={e0172395},
  year={2017},
  publisher={Public Library of Science}
}

@article{al2017continuous,
  title={Continuous adaptation via meta-learning in nonstationary and competitive environments},
  author={Al-Shedivat, Maruan and Bansal, Trapit and Burda, Yuri and Sutskever, Ilya and Mordatch, Igor and Abbeel, Pieter},
  journal={arXiv preprint arXiv:1710.03641},
  year={2017}
}

@inproceedings{christiano2017deep,
  title={Deep reinforcement learning from human preferences},
  author={Christiano, Paul F and Leike, Jan and Brown, Tom and Martic, Miljan and Legg, Shane and Amodei, Dario},
  booktitle={Advances in Neural Information Processing Systems},
  pages={4302--4310},
  year={2017}
}

@article{frans2017meta,
  title={Meta learning shared hierarchies},
  author={Frans, Kevin and Ho, Jonathan and Chen, Xi and Abbeel, Pieter and Schulman, John},
  journal={arXiv preprint arXiv:1710.09767},
  year={2017}
}

@article{bansal2017emergent,
  title={Emergent complexity via multi-agent competition},
  author={Bansal, Trapit and Pachocki, Jakub and Sidor, Szymon and Sutskever, Ilya and Mordatch, Igor},
  journal={arXiv preprint arXiv:1710.03748},
  year={2017}
}

@article{foerster2017learning,
  title={Learning with Opponent-Learning Awareness},
  author={Foerster, Jakob N and Chen, Richard Y and Al-Shedivat, Maruan and Whiteson, Shimon and Abbeel, Pieter and Mordatch, Igor},
  journal={arXiv preprint arXiv:1709.04326},
  year={2017}
}

@inproceedings{tang2009fault,
  title={Fault-aware, utility-based job scheduling on blue, gene/p systems},
  author={Tang, Wei and Lan, Zhiling and Desai, Narayan and Buettner, Daniel},
  booktitle={Cluster Computing and Workshops, 2009. CLUSTER'09. IEEE International Conference on},
  pages={1--10},
  year={2009},
  organization={IEEE}
}

@inproceedings{carastan2017obtaining,
  title={Obtaining Dynamic Scheduling Policies with Simulation and Machine Learning},
  author={Carastan-Santos, Danilo and De Camargo, Raphael Y},
  booktitle={The International Conference for High Performance Computing, Networking, Storage and Analysis (Supercomputing)},
  year={2017}
}

